@article{engproc2023059238,
AUTHOR = {Tomar, Vinita and Bansal, Mamta and Singh, Pooja},
TITLE = {Metaheuristic Algorithms for Optimization: A Brief Review},
JOURNAL = {Engineering Proceedings},
VOLUME = {59},
YEAR = {2023},
NUMBER = {1},
ARTICLE-NUMBER = {238},
URL = {https://www.mdpi.com/2673-4591/59/1/238},
ISSN = {2673-4591},
DOI = {10.3390/engproc2023059238}
}

@article{Küderle2023,
doi = {10.21105/joss.04953},
url = {https://doi.org/10.21105/joss.04953},
year = {2023},
publisher = {The Open Journal},
volume = {8},
number = {82},
pages = {4953},
author = {Küderle, Arne and Richer, Robert and Sîmpetru, Raul C. and Eskofier, Bjoern M.},
title = {tpcp: Tiny Pipelines for Complex Problems - A set of framework independent helpers for algorithms development and evaluation},
journal = {Journal of Open Source Software}
}

@misc{snoek2012practicalbayesianoptimizationmachine,
      title={Practical Bayesian Optimization of Machine Learning Algorithms}, 
      author={Jasper Snoek and Hugo Larochelle and Ryan P. Adams},
      year={2012},
      eprint={1206.2944},
      archivePrefix={arXiv},
      primaryClass={stat.ML},
      url={https://arxiv.org/abs/1206.2944}, 
}